2192 3575
413 705 456 767 q
885 716 894 723 ·
934 680 1028 742 Di
1049 682 1254 759 ciplina
1752 718 1757 723 -

417 757 562 817 dista
595 755 728 832 fient
762 756 902 815 mihi
933 781 953 814 .-
1032 780 1067 814 n
1116 759 1335 815 domum
1378 753 1619 815 Domini
1663 755 1771 815 ibi-

415 854 555 891 mus.
580 878 593 891 .
620 876 633 888 .
679 832 895 906 Custodi
903 833 1097 904 pedem
1119 849 1270 889 tuum
1289 874 1312 898 ,
1347 830 1652 906 ingrediens
1675 834 1772 889 do·

416 928 564 964 mum
615 904 887 964 Domini.
916 949 929 961 .
960 951 972 964 .
994 903 1208 965 Pavete
1262 905 1340 961 ad
1387 906 1769 963 Sanfluarium

416 1001 588 1038 meum
614 981 638 1035 Ι
662 1024 676 1039 .
705 1024 720 1039 .
745 1025 757 1037 .
784 977 1048 1037 Adorabo
1086 981 1165 1038 ad
1199 976 1482 1051 Templum
1528 977 1771 1052 sancium

416 1072 566 1112 tuum
603 1053 665 1109 in
703 1053 895 1111 timore
943 1071 1055 1111 tuo.
1076 1097 1091 1111 .
1117 1100 1131 1113 .
1155 1050 1225 1110 In
1260 1051 1536 1127 conspeHu
1576 1051 1770 1129 Ange·-

416 1129 593 1186 lorum
606 1125 843 1200 pfizllam
860 1126 961 1185 tibi
976 1173 988 1186 .
1008 1170 1022 1184 .
1043 1171 1056 1184 .
1075 1126 1415 1185 Exultabunt
1435 1126 1583 1184 labia
1609 1148 1731 1184 mea
1743 1171 1769 1195 ,

418 1200 540 1260 cum
560 1217 853 1261 cantavero
881 1201 983 1261 tibi
997 1244 1010 1258 .
1038 1245 1052 1258 .
1081 1248 1095 1261 .
1132 1200 1297 1258 Oculi
1333 1201 1441 1258 mei
1461 1199 1773 1277 semper-ad

416 1274 755 1334 Dominum.
783 1321 796 1336 .
825 1321 840 1336 .
880 1273 1125 1334 Cantaba
1155 1274 1407 1333 Domino
1430 1319 1452 1342 ,
1490 1276 1582 1352 qui
1623 1275 1768 1335 bona

420 1348 609 1408 tribuit
662 1348 825 1409 milti.
844 1395 857 1408 .
880 1397 893 1409 .
935 1348 1238 1408 Iucundum
1272 1347 1352 1426 fit
1403 1351 1452 1406 ei
1501 1351 1770 1426 eloquium

421 1444 599 1481 meum
622 1425 646 1480 Ι
678 1445 776 1501 ego
806 1423 936 1483 vero
975 1423 1276 1483 deledabor
1307 1425 1367 1481 in
1393 1422 1644 1482 Domino
1672 1470 1685 1482 .
1711 1468 1724 1483 .
1748 1468 1765 1482 .

422 1495 670 1558 Domine
708 1540 731 1565 ,
794 1497 943 1555 labia
1010 1518 1131 1555 mea
1193 1499 1402 1572 aperies
1444 1542 1458 1557 .
1498 1524 1514 1558 ·.
1559 1541 1572 1554 .
1624 1495 1772 1554 Om-

424 1572 526 1704 nf’bq
559 1571 676 1704 ¹gffiz
717 1591 836 1630 mea
871 1572 1052 1634 dicent
1082 1595 1104 1631 .-
1138 1570 1415 1643 Domine,
1440 1569 1560 1651 quis
1568 1567 1774 1651 similis

422 1661 469 1702 tt
502 1668 523 1702 l
1534 1676 1539 1681 ·

496 1798 789 1869 Quoniam
844 1794 983 1856 veto
1037 1792 1197 1852 multi
1233 1813 1397 1851 unum
1448 1813 1638 1870 corpus
1685 1795 1775 1870 [ἱι-

424 1887 544 1926 mus
568 1915 585 1940 ,
624 1877 679 1928 &
701 1868 914 1947 singuli
947 1914 969 1937 ,
1020 1870 1162 1926 alter
1201 1868 1426 1925 alterius
1475 1869 1710 1927 membra
1747 1912 1775 1936 ,

424 1942 625 2001 eodem
657 1964 853 2003 omnes
906 1942 1098 2001 ordine
1147 1947 1202 1999 &
1263 1937 1530 2000 consensu
1593 1940 1730 1999 stare
1752 1987 1778 2012 ,

426 2012 648 2088 sedere,
690 2018 941 2087 moveri,
1009 2012 1267 2074 rocedere
1296 2060 1314 2085 ,
1362 2035 1520 2073 orare
1543 2060 1561 2086 ,
1606 2035 1775 2073 cane-

425 2110 525 2159 re,
565 2110 731 2164 atque
765 2091 934 2150 etiarn
981 2088 1114 2146 llere
1141 2086 1405 2148 debemus
1429 2134 1446 2159 ,
1496 2107 1610 2160 quo
1640 2107 1778 2145 om-

426 2165 521 2223 nia
544 2186 643 2222 cor
680 2166 791 2224 oris
822 2162 982 2221 unius
1007 2162 1254 2219 membra
1275 2161 1367 2219 vel
1397 2180 1558 2235 agere
1589 2158 1778 2219 solent

425 2238 519 2295 vel
553 2259 616 2295 ce
663 2258 771 2297 are.
800 2233 961 2295 Nihil
1000 2236 1147 2293 enim
1179 2235 1248 2292 ad
1272 2234 1463 2293 officii
1484 2234 1662 2294 divini
1684 2235 1779 2294 de-

355 2303 370 2332 ”·
426 2330 616 2368 eorem
644 2306 1092 2386 majestatemque
1115 2307 1292 2382 magis
1326 2306 1546 2367 confert
1563 2354 1585 2377 ,
1604 2310 1779 2381 qu‘am'

428 2384 682 2441 omnium
716 2383 913 2441 eodem
944 2383 1003 2439 in
1040 2381 1218 2440 choro
1263 2383 1782 2457 congregatorum‚‘

427 2453 730 2527 iisdemque
785 2455 941 2514 velut
976 2457 1035 2516 in
1080 2454 1267 2514 castris
1321 2453 1577 2528 supremo
1630 2458 1781 2530 Regi

427 2529 789 2588 militantium
812 2577 829 2599 ‚
869 2550 978 2587 una
1020 2528 1322 2601 eademque
1364 2530 1616 2588 alacritas
1649 2551 1781 2590 cum

350 2659 353 2663 Α
425 2604 703 2675 gravitate
726 2604 1060 2679 conjunctam
1093 2624 1312 2660 necnon
1339 2610 1393 2660 &
1425 2600 1784 2677 fimultanea,

428 2693 493 2732 ut
525 2676 605 2734 ita
638 2675 819 2735 dicam
843 2723 860 2747 ‚
892 2677 1212 2750 genuflexio
1237 2722 1254 2747 ,
1288 2673 1456 2733 statio
1482 2720 1504 2743 ,
1543 2677 1783 2735 inclina-

431 2750 517 2808 tio
545 2799 561 2822 ,
606 2746 761 2811 sessio
788 2794 809 2820 ,
851 2747 1118 2821 proceffio
1142 2795 1160 2818 ,
1199 2748 1416 2820 aliaque
1460 2757 1642 2808 omnis
1696 2771 1783 2808 re-

431 2826 690 2883 verentiae
708 2832 763 2882 δε
781 2824 1000 2895 pietatis
1024 2819 1373 2896 significatio,
1393 2823 1782 2903 Quamobrem

431 2917 495 2956 ut
514 2894 859 2971 disciplinam
875 2897 907 2954 a
924 2896 1224 2971 majoribus
1248 2894 1446 2955 nostris
1470 2915 1754 2968 acceptam
1769 2944 1792 2971 ,

434 2988 634 3043 totquc
660 2969 966 3031 seculorum
991 2966 1090 3028 usu
1115 2967 1530 3041 confirmatam,
1557 2987 1645 3028 tot
1667 2972 1786 3043 pio-

434 3064 556 3104 rum
575 3048 671 3117 qui
694 3066 797 3104 nos
820 3042 1200 3117 praecefferunt
1216 3090 1233 3114 ‚
1252 3045 1497 3102 virorum
1514 3044 1782 3113 exemplis

437 3117 814 3181 consecratam
836 3167 856 3194 ‚
893 3126 947 3179 &
972 3116 1072 3192 ipfi
1093 3120 1428 3180 retineamus
1459 3125 1512 3175 &
1545 3115 1777 3192 posteris
