2192 3575
285 502 288 511 ·
324 472 356 507 '·
462 575 468 587 .
765 475 827 547 eui

200 635 760 735 1Nr0NAT1ounn

188 768 450 841 ἰῦΙΑΤΙΟΝΕε,
492 765 827 825 TERMINATIONES

193 892 231 927 ιτ
265 880 439 931 Nnuunrr
468 889 558 933 ooro
590 879 777 925 nouorum.

198 979 271 1028 hocce
298 972 413 1041 [Diurnali
441 1009 450 1035 ,
477 971 509 1023 ad
540 975 691 1038 Antiphonar
725 977 826 1042 quisque

189 1059 222 1092 rus
248 1045 291 1092 suo
312 1054 413 1092 numero
448 1052 544 1087 noratur
562 1057 569 1086 :
586 1041 661 1086 varie
679 1042 759 1088 etiarn
784 1057 825 1090 cu·

191 1123 219 1156 ue
238 1108 302 1156 Toni
322 1106 514 1154 'seminationes
533 1103 572 1150 seu
592 1099 664 1150 Modi
688 1106 734 1152 suis
758 1106 824 1154 litte-

189 1168 344 1235 delignentur.
362 1167 453 1232 Duplex
465 1163 574 1227 Modus,
590 1183 643 1214 com
662 1165 720 1215 letus
734 1171 825 1220 scilicet

190 1234 353 1300 incomplerus.
370 1229 459 1281 Modus
480 1230 611 1296 completus
626 1184 670 1279 uie
685 1231 719 1279 est
734 1238 777 1300 qui
796 1238 824 1283 in

189 1298 235 1348 ulis
249 1298 336 1348 Psalmi
353 1295 454 1347 verfibus
470 1293 556 1345 delinit
570 1296 597 1343 in
614 1293 749 1361 legitimam
759 1303 824 1348 Toni

204 1361 300 1412 finalem
320 1379 328 1421 ς
357 1359 513 1426 incompletur
529 1357 589 1409 vero
606 1398 615 1419 ‚
634 1361 697 1424 qui,
720 1377 770 1410 non
796 1367 822 1413 in

189 1431 227 1477 mi
251 1424 372 1488 versrbus,
388 1421 430 1474 sed
450 1427 477 1474 in
498 1422 548 1473 sola
565 1423 706 1491 Antiphone
722 1424 823 1491 perfecie

189 1507 288 1541 sinatur.

189 1574 198 1605 ι
220 1555 315 1622 singulis
340 1556 416 1613 Tonis
438 1554 485 1603 tria
508 1554 562 1602 sunt
585 1548 734 1603 observanda
755 1574 761 1603 :
782 1558 822 1605 In·

189 1623 233 1670 itio
247 1656 255 1681 ‚
271 1618 391 1683 Mediatio
408 1624 435 1668 ὃ(
454 1620 614 1669 Termiuatio.

189 1699 328 1734 erouirro
354 1687 381 1734 in
400 1682 497 1733 Psalmis
524 1680 651 1732 adhibetur
674 1680 768 1733 tantum
789 1682 821 1747 ael

189 1766 244 1799 num
263 1751 361 1799 Versum
379 1765 387 1806 3
407 1746 492 1814 reliqui
518 1748 602 1798 Versus
620 1744 635 1796 i
655 1761 714 1797 nota
740 1744 822 1798 domi-

189 1832 208 1863 re
225 1819 252 1863 in
266 1811 384 1863 direiium
399 1815 543 1862 inchoantur
564 1832 571 1862 r
588 1815 615 1861 in
638 1815 745 1862 canticis
763 1813 823 1864 veto

191 1878 275 1928 cliuus
292 1882 317 1927 ὃ(
336 1877 477 1945 Magmficar
496 1874 616 1943 (quando
634 1876 756 1941 pulsantur
774 1884 823 1927 Or-

189 1960 219 2001 ι,
237 1940 246 2007 )
272 1944 356 1993 Versus
382 1946 424 2009 qui
442 1959 557 1991 canuntur
577 1943 592 1991 l
614 1945 717 2002 Choro‚
734 1939 822 1993 eodem

189 2004 215 2056 lo
239 2010 382 2058 inchoantur
406 2023 455 2073 quo
478 2009 577 2071 primus.

189 2076 314 2121 lnnrhrro
335 2071 363 2121 fir
379 2075 405 2120 in
420 2071 532 2120 omnibus
546 2067 654 2121 Versibus
673 2069 822 2122 Psalmorum

189 2138 343 2184 canticorum
368 2132 455 2185 eodem
476 2131 554 2182 modo
575 2151 626 2199 quo
646 2132 674 2183 fir
691 2138 717 2183 in
741 2141 822 2202 primo

189 2197 284 2257 su,nis1
298 2197 374 2249 diruo
383 2198 410 2248 su
417 2197 599 2269 monosyllaba,
612 2198 653 2258 ¹vel
665 2202 822 2251 Hebraeanon

193 2264 350 2322 inara31unc
373 2265 439 2313 enirn
463 2267 492 2311 ht
511 2277 538 2311 ut
553 2275 650 2312 notetur
672 2265 821 2331 insequenti

193 2343 263 2375 orum
288 2327 388 2377 Tabula.

193 2407 355 2440 rnrrrurrro
367 2395 393 2440 in
407 2392 519 2441 omnibus
533 2387 658 2451 versum,
674 2390 725 2441 tim
737 2398 821 2443 Canti-

190 2472 221 2503 rm
232 2454 305 2520 quim
315 2455 480 2517 Psalmomm,
491 2458 580 2520 semper
597 2453 681 2505 endem
697 2456 730 2506 est
749 2473 776 2505 ac
794 2462 820 2507 in

190 2537 217 2569 ro
232 2522 313 2571 Versu.
330 2522 416 2569 Omnis
432 2523 583 2569 Terminatio
603 2518 660 2569 ideo
675 2538 715 2586 per
731 2520 821 2569 litteras

190 2582 454 2650 ubericasdefignatur,
463 2587 521 2650 quia
530 2587 567 2634 hae
582 2584 665 2634 litterae
678 2587 742 2634 noris
758 2591 820 2634 Can-

190 2646 324 2715 :espondent
335 2683 343 2707 ,
361 2664 387 2697 ut
396 2651 491 2715 sequens
502 2667 585 2699 earum
595 2647 660 2698 ordo
677 2647 778 2699 indicat.
