2192 3575
207 648 239 693 28
351 649 470 698 castrt
499 650 736 696 Rasrnvanr.

208 706 254 756 stnr
271 709 403 770 notabilis,
420 715 444 760 &
463 712 504 775 qui
517 709 548 758 ad
559 725 680 774 peccatum
699 705 801 759 mortale
818 704 886 759 suffi-

208 770 272 835 ciat)
287 776 312 822 in
325 773 380 822 loco
395 772 461 823 sacro
472 776 571 823 scienter
585 773 692 822 furantur
702 792 710 833 3
719 774 770 823 ttlm
779 770 885 839 denique

208 853 292 887 eorum
305 840 346 903 qui
357 839 432 886 sacras
442 836 512 887 AEdet
521 841 605 887 animo
615 836 714 887 furandi
725 853 766 887 aut
775 836 884 903 spolian-

208 897 237 949 di
250 935 258 961 ‚
273 903 344 950 eriam
354 917 403 949 non
413 903 491 950 secuto
500 900 602 960 effectu,
616 898 754 967 effringunt.

239 963 379 1025 Reservarur
390 964 570 1030 specialiterrar
580 966 696 1029 duntaxat
708 966 816 1030 incapite
849 965 883 1015 ri·

207 1046 265 1084 nro.
282 1029 451 1091 profanationis
461 1029 551 1090 scilian
557 1029 711 1091 sacrofitnilae
719 983 883 1091 Eucharidlae.

239 1097 269 1141 V·
288 1093 392 1141 Simonia
404 1092 492 1142 occulta
504 1092 528 1141 r'n
552 1093 639 1142 Ordine
650 1094 687 1141 vel
702 1092 822 1155 Beneficio
839 1110 847 1140 r
866 1091 884 1143 ll

207 1167 289 1204 tamen
297 1157 416 1220 completa
423 1154 449 1205 fit
458 1195 467 1215 ‚
476 1156 558 1206 saltem
568 1174 596 1206 ex
606 1172 671 1223 parre
681 1156 816 1207 alterutrius
824 1192 833 1217 ‚
840 1159 885 1221 qui

206 1217 349 1268 Beneficium
362 1235 401 1269 aur
433 1223 518 1270 terium
533 1236 654 1286 patremve
674 1224 745 1285 pretii
760 1218 882 1281 tradidit,

206 1298 249 1330 aut
261 1286 351 1347 patiarn
363 1301 408 1332 con
429 1287 529 1334 'tionem
542 1286 662 1348 implevit.
678 1285 826 1348 Confidenria
840 1301 884 1350 pa·

208 1350 267 1395 riter
280 1348 390 1407 occulta,
406 1348 461 1397 licit
474 1348 537 1398 mete
551 1348 760 1408 conventionalia,
771 1347 819 1414 qud
829 1352 884 1415 quir

206 1409 251 1458 dat
263 1414 287 1458 ὃ(
300 1411 360 1461 alter
371 1428 476 1477 acceptat
486 1412 647 1473 Beneficium,
664 1412 691 1460 eit
701 1412 752 1476 lege
762 1427 788 1461 ut
799 1414 884 1463 titulun

207 1472 323 1524 conditio
339 1491 444 1541 tempore
459 1475 557 1526 cedatur
568 1513 576 1536 ‚
586 1478 625 1527 vel
635 1492 661 1525 ut
669 1474 728 1525 dans
735 1510 744 1536 ‚
759 1479 797 1526 seu
808 1477 884 1542 quili-

209 1539 249 1587 bet
259 1540 334 1599 alius,
348 1540 436 1589 iturine
450 1557 572 1606 patremve
584 1540 701 1590 fruiiuum
714 1544 840 1605 percipiat.

240 1604 505 1654 Excomntunr'cart'onetn
515 1605 707 1669 labetipfhfadlo
718 1622 833 1653 annexam
840 1606 885 1655 litt·

203 1666 303 1729 jusmodi
312 1667 461 1731 Confidenrr'a
471 1707 478 1726 ,
495 1687 563 1735 quarn
571 1686 617 1718 non
629 1668 695 1717 labar
704 1668 826 1728 Simonia,
839 1668 884 1731 nili

203 1728 238 1792 fit
247 1732 336 1791 realis,
355 1732 377 1783 ὁ
393 1751 422 1780 ex
434 1748 529 1801 utraque
540 1748 606 1798 parre
617 1732 738 1797 completa.
752 1732 785 1781 Ar
793 1748 883 1783 utrum·

208 1812 251 1859 qne
261 1812 379 1860 percarum
395 1798 526 1859 raservarnr
534 1796 671 1862 specialiter.

289 1887 399 1941 Contra
412 1887 449 1941 ΙΙ.
468 1879 606 1953 Decalogi
624 1897 804 1951 praeceptum.

238 1993 281 2039 VI.
294 1988 504 2048 l’ery'nriutncaranr
511 2003 559 2035 com
576 1983 645 2032 arenti
654 1981 675 2035 ὃ·
685 1982 790 2049 legitimo
800 1983 884 2036 Indice

207 2052 248 2101 vel
265 2053 315 2112 ejus
327 2052 444 2118 Delegara
456 2088 465 2109 ,
484 2001 642 2114 quanrllquis
652 2082 660 2107 ‚
672 2045 717 2095 five
728 2051 753 2104 in
764 2051 882 2114 propria,

207 2114 256 2165 sive
269 2119 293 2163 in
306 2115 383 2164 aliena
394 2115 462 2164 causa
473 2116 504 2163 ab
519 2131 548 2161 eo
564 2109 663 2173 juridice
674 2114 846 2176 interrogatus,
855 2116 882 2162 δι

225 2179 313 2228 rastiro
326 2176 356 2227 de
375 2180 475 2226 veritate
492 2173 596 2226 dicenda
614 2180 748 2238 juramento
760 2179 883 2242 ,jscientet

205 2197 296 2292 lalsum
306 2240 426 2301 affirmat,
438 2239 477 2289 vel
488 2257 571 2290 vetunt
583 2255 654 2302 negat
666 2275 673 2298 ,
687 2239 727 2289 vel
737 2233 801 2288 illud
809 2238 883 2290 mali·

206 2307 254 2372 gni
264 2308 458 2369 tergiversatione
471 2320 526 2362 ,aut
535 2305 726 2370 aquivocatione
736 2301 882 2366 ditiitnulat,

206 2371 247 2420 vel
257 2386 371 2434 tanquam
381 2384 471 2417 certum
482 2365 563 2417 afferit
575 2365 601 2416 id
611 2365 640 2416 de
651 2383 699 2433 quo
712 2364 814 2417 dubitat.
824 2373 880 2418 Per-

204 2436 295 2498 Jutium
308 2432 414 2494 similiter
423 2428 575 2482 commillum
585 2447 666 2480 coram
683 2433 786 2482 Notario
801 2431 883 2497 publi·

206 2502 252 2554 ἑο,
264 2497 444 2557 bona'alicujus
457 2494 563 2544 defuutii
576 2494 615 2543 vel
628 2492 746 2544 defuntlae
760 2499 882 2547 recensen-

206 2575 229 2610 te
239 2598 249 2618 ,
265 2562 303 2609 seu
314 2576 340 2610 ur
352 2567 436 2620 aiunt,
448 2562 614 2610 inventarium
626 2558 778 2616 aonficieute.

280 2655 390 2708 Contra
406 2652 454 2710 IV.
473 2648 611 2726 Decalogi
626 2665 805 2721 praeceptum.
872 2618 882 2638 ι

238 2752 597 2820 VILParrt'cr'diwnJenert'am
632 2743 881 2865 avisparcuffiocfarrr's

206 2835 248 2868 ant
259 2818 357 2875 marris,
373 2819 521 2868 ceterorumve
531 2815 597 2877 alcen
615 2817 705 2865 entitent.
716 2810 785 2864 Idem
814 2817 880 2866 icen·

206 2880 266 2931 dum
277 2881 308 2931 est
318 2879 347 2930 tle
358 2884 443 2943 gravi,
454 2897 506 2946 qua
520 2883 553 2929 eis
566 2883 629 2929 faita
640 2895 721 2930 ranten
739 2883 880 2944 irrogatur,

206 2946 315 3007 injuri2l3
332 2948 398 2995 verbi
415 2944 510 3009 gratid,
527 2961 567 2993 eos
587 2943 674 2992 furiose
695 2941 879 3010 persequendo,

208 3007 261 3057 luto
273 3012 373 3074 spurisve
387 3006 567 3074 conspergendo
578 3043 586 3068 ,
597 3011 673 3058 crines
680 3005 828 3070 evellendo,
839 3023 881 3064 aur

207 3072 256 3121 alii
275 3073 435 3139 equivalenti.
792 3111 796 3129 ,.
850 3117 853 3122 .

240 3138 381 3200 Rcsarvaenr
392 3133 525 3204 specialiter
536 3154 545 3189 .·
562 3152 588 3188 ar
596 3136 622 3186 r'n
631 3134 707 3203 primo
717 3135 832 3186 duntaxat
840 3151 880 3203 aaa

203 3200 274 3268 pite,
290 3219 402 3270 murraque
410 3202 499 3270 [κατά.
536 3219 539 3228 ·
568 3239 572 3244 -
